<?xml version="1.0" encoding="UTF-8"?><collection xmlns="http://www.loc.gov/MARC21/slim"><record><leader>00528nam--2200181-i-4500</leader><controlfield tag="001">000033114</controlfield><controlfield tag="002">20161230</controlfield><controlfield tag="005">20161230201039</controlfield><controlfield tag="008">060222s1000------------r-----000-0-fre-d</controlfield><datafield ind1=" " ind2=" " tag="040"><subfield code="a">IFIN-HH</subfield></datafield><datafield ind1=" " ind2=" " tag="041"><subfield code="a">fre</subfield></datafield><datafield ind1=" " ind2=" " tag="080"><subfield code="a">535.375.5(043)</subfield></datafield><datafield ind1="1" ind2=" " tag="100"><subfield code="a">Mejean, Therese</subfield></datafield><datafield ind1="1" ind2="0" tag="245"><subfield code="a">Effet raman de resonance de molecules polyatomiques: etude experimentale et interpretation theorique</subfield><subfield code="b">These</subfield><subfield code="c">Therese mejean</subfield></datafield><datafield ind1=" " ind2=" " tag="260"><subfield code="a">Bordeaux</subfield><subfield code="b">Universite</subfield><subfield code="c">1979</subfield></datafield><datafield ind1=" " ind2=" " tag="300"><subfield code="a">224P</subfield></datafield><datafield ind1=" " ind2=" " tag="852"><subfield code="a">49786</subfield><subfield code="c">535.37</subfield></datafield><datafield ind1=" " ind2=" " tag="CAT"><subfield code="a">Sys</subfield><subfield code="c">20110427</subfield><subfield code="h">113314</subfield></datafield></record></collection>